<record><leader>00000cas a2200000   4500</leader><controlfield tag="001">6655480</controlfield><controlfield tag="008">800826d19731995gauqr ne     s0    0eng c</controlfield><datafield ind1=" " ind2=" " tag="010"><subfield code="a">sn 96030068 </subfield></datafield><datafield ind1=" " ind2=" " tag="040"><subfield code="a">GSU</subfield><subfield code="b">eng</subfield><subfield code="c">GSU</subfield><subfield code="d">GUA</subfield><subfield code="d">OCLCQ</subfield><subfield code="d">OCLCF</subfield><subfield code="d">OCLCO</subfield></datafield><datafield ind1=" " ind2=" " tag="012"><subfield code="i">9603</subfield></datafield><datafield ind1="1" ind2=" " tag="029"><subfield code="a">AU@</subfield><subfield code="b">000025922531</subfield></datafield><datafield ind1=" " ind2=" " tag="042"><subfield code="a">pcc</subfield></datafield><datafield ind1=" " ind2=" " tag="043"><subfield code="a">n-us-ga</subfield></datafield><datafield ind1=" " ind2="4" tag="050"><subfield code="a">LH1.G47</subfield><subfield code="b">E5</subfield></datafield><datafield ind1="0" ind2="0" tag="245"><subfield code="a">Emphasis GSU.</subfield></datafield><datafield ind1="3" ind2=" " tag="246"><subfield code="a">Emphasis Georgia State University</subfield></datafield><datafield ind1=" " ind2=" " tag="260"><subfield code="a">Atlanta,</subfield><subfield code="b">Alumni Association, Georgia State University [etc.]</subfield></datafield><datafield ind1=" " ind2=" " tag="300"><subfield code="a">22 v.</subfield><subfield code="b">ill.</subfield><subfield code="c">30 cm.</subfield></datafield><datafield ind1=" " ind2=" " tag="310"><subfield code="a">Quarterly,</subfield><subfield code="b">&lt;June 1992&gt;-1995</subfield></datafield><datafield ind1=" " ind2=" " tag="321"><subfield code="a">Six no. a year,</subfield><subfield code="b">1973-</subfield></datafield><datafield ind1="0" ind2=" " tag="362"><subfield code="a">v. 1-22, no. 2; Aug./Sept. 1973-winter 1995.</subfield></datafield><datafield ind1="2" ind2="0" tag="610"><subfield code="a">Georgia State University</subfield><subfield code="v">Periodicals.</subfield></datafield><datafield ind1="2" ind2="0" tag="610"><subfield code="a">Georgia State University</subfield><subfield code="x">Alumni and alumnae</subfield><subfield code="v">Periodicals.</subfield></datafield><datafield ind1=" " ind2="7" tag="655"><subfield code="a">Periodicals.</subfield><subfield code="2">fast</subfield><subfield code="0">(OCoLC)fst01411641</subfield></datafield><datafield ind1="2" ind2="7" tag="610"><subfield code="a">Georgia State University.</subfield><subfield code="2">fast</subfield><subfield code="0">(OCoLC)fst00531442</subfield></datafield><datafield ind1=" " ind2="7" tag="650"><subfield code="a">Universities and colleges</subfield><subfield code="x">Alumni and alumnae.</subfield><subfield code="2">fast</subfield><subfield code="0">(OCoLC)fst01161636</subfield></datafield><datafield ind1="2" ind2=" " tag="710"><subfield code="a">Georgia State University.</subfield><subfield code="b">Alumni Association.</subfield></datafield><datafield ind1="0" ind2="2" tag="780"><subfield code="t">GSU alumni newsletter</subfield><subfield code="w">(OCoLC)5896300</subfield></datafield><datafield ind1="0" ind2="0" tag="785"><subfield code="t">Source (Atlanta, Ga.)</subfield><subfield code="w">(DLC)sn 96030067</subfield></datafield><datafield ind1=" " ind2=" " tag="850"><subfield code="a">GU</subfield></datafield></record>